@article{Weapon,
	Author = {Rachel Zupek},
	Journal = {CNN.com},
	Month = {August},
	Title = {The worst way to shake hands},
	Url = {http://edition.cnn.com/2007/LIVING/worklife/11/05/cb.hand.shake/},
	Year = {2007}}
	
@article{PID,
Abstract = {A brief introduction to PID control, what it means and how it can be applied to several controlling problems.},
	Author = {Tim Wescott},
	Month = {October},
	journal = {Embedded Systems Programming},
	Numpages = {7},
	pages = {86-108},
	Title = {PID without a PhD},
	Url = {http://tec.upc.es/mp/2012/PID-without-a-PhD.pdf‎},
	Year = {2000}}

@online{Polynomial,
author= {User:Acdx},
title= {Langrange polynomial},
month= {October},
year= {2012},
url= {https://en.wikipedia.org/wiki/File:Lagrange_polynomial.svg}}

@online{SQUSE,
author= {SQUSE},
title= {MP-2-C/V},
month= {October},
year= {2013},
url= {http://www.squse.co.jp/catalogue/index.php?dl=12}}


@online{s070,
author= {SMC},
title= {s070 Valves},
month= {October},
year= {2013},
url= {http://www.smcetech.com/CC_host/pages/navigation/browse/index.cfm?cc_nvl=((CC,smc,V_M,Node_10735))}}

@online{NorgrenFP,
author= {Norgren},
title= {Norgren Flatprop},
month= {October},
year= {2013},
url= {http://cdn.norgren.com/pdf/N_UK_6_6_007_FLATPROP.pdf}}

@online{LeeHDI,
author= {Lee Company},
title= {Lee HDI},
month= {October},
year= {2013},
url= {http://www.theleecoefs.com/EFSWEB2.NSF/51afc74e7f2112c9852563a9005db170/6560277e33a93a04852563d40047cf6c!OpenDocument}}

@online{FESTO-MPYE,
author= {Festo},
title= {Valve catalogue},
month= {October},
year= {2013},
url= {http://www.festo.com/net/SupportPortal/Files/26930/info_241_en.pdf}}


@online{PAMInstructables,
title= {Pneumatic cylinder},
url= {http://www.designworldonline.com/self-adjusting-cushioning-for-pneumatic-cylinders/}}

@online{cylinder,
title= {Instructables: How to make air muscles!},
url= {http://www.instructables.com/id/How-to-make-air-muscles!/}}


@online{energydensity,
title= {Energy density},
month= {October},
year= {2013},
url= {https://en.wikipedia.org/wiki/Energy_density}}

@article{abandonment1,
    author = {E. A. Biddiss and T. T. Chau},
    title = {Upper limb prosthesis use and abandonment: A survey of the last 25 years},
    Journal = {Prosthetics and Orthotics International},
    Month = {September},
    Pages = {236--257},
    Url = {http://poi.sagepub.com/content/31/3/236.full.pdf},
    Year= {2007}}
    
@article{abandonment2,
    author = {E. A. Biddiss and T. T. Chau},
    title = {Upper Limb Prosthetics- Critical factors in device abandonment},
    journal = {American Journal of Physical Medicine and Rehabilitation},
    month = {December},
    pages = {977--987},
    url = {http://www.ncbi.nlm.nih.gov/pubmed/18090439},
    volume = {86},
    year = {2007}}
		
@article{SensoryHand,
    author = {E. G. Jones},
    title = {The sensory hand},
    journal = {Oxford University Press},
    pages = {3413--3420},
    url = {http://brain.oxfordjournals.org/content/129/12/3413.full.pdf+html},
    year = {2006}}
		
@article{BellHand,
    author = {Sir C. Bell},
    title = {The hand; its mechanism and vital endowments, as evincing design},
    journal = {London : W. Pickering},
		url= {http://archive.org/details/handmechanismvit00belliala},
    year = {1834}}
		
@article{FingerJoint,
    author = {A. Synek},
    title = {Simulation of a Human Finger Joint with Sliding Surfaces},
    month = {September},
    pages = {1--118},
    url = {http://www.researchgate.net/publication/225025097_Simulation_of_a_human_finger_joint_with_sliding_surfaces},
    year = {2011}}
		
@article{Schuenke,
author= {M. Schünke},
title= {Prometheus - LernAtlas der Anatomie},
year= {2005},
journal= {Stuttgart: Thieme} }

@article{Schuenke2005,
author= {M. Schünke},
title= {Prometheus - LernAtlas der Anatomie},
year= {2005},
journal= {Stuttgart: Thieme} }


@article{Schlesinger,
author= {G. Schlesinger},
title= {Der mechanische Aufbau der künstlichen Glieder},
year= {1919},
journal= {Ersatzglieder und Arbeitshilfen für Kriegsgeschädigte und Unfallverletzte, Springer},
pages= {361--699}}


@article{Atkins,
author= {D. J. Atkins and D.C.Y. Heard and W.H. Donovan},
title= {Epidemiologic Overview of Individuals with Upper-Limb Loss and Their Reported Research Priorities},
journal= {Journal of Prosthetics and Orthotics},
pages= {8(1):2--11},
url= {http://www.oandp.org/jpo/library/1996_01_002.asp},
year= {1996}
}

@article{Datta,
author= {D. Datta and K. Selvarajah and N. Davey},
title= {Functional outcome of patients with proximal upper limb deficiency – acquired and congenital},
journal= {Clinical Rehabilitation},
pages= {18(2):172--177},
url= {2004}
}

@article{Dudkiewicz,
author= {I .Dudkiewicz et al},
title= {Evaluation of prosthetic usage in upper limb amputees},
journal= {Disability and Rehabilitation},
pages= {26(1):60--63},
year= {2004}
}

@article{Davidson,
author= {J. Davidson},
title= {A comparison of upper limb amputees and patients with upper limb injuries using the Disability of the Arm, Shoulder and Hand (DASH)},
journal= {Disability and Rehabilitation},
pages= {26(14/15):917--923},
year= {2004}
}

@article{Kyberd,
author= {P.J. Kyberd, et al},
title= {Survey of Upper Extremity Prosthesis Users in Sweden and the United Kingdom},
journal= {Journal of Prosthetics and Orthotics},
pages= {19(2):55--62},
year= {2007},
url= {http://www.oandp.org/jpo/library/2007_02_055.asp}
}

@article{Pons,
author= {J.L. Pons et al.},
title= {Objectives and technological approach to the development of the multifunctional MANUS upper limb prosthesis},
journal= {Robotica},
pages= {23:301--310},
year= {2005}
}

@article{Pylatiuk2007,
author= {C. Pylatiuk and S. Schulz and L. Doderlein},
title= {Results of an internet survey of myoelectric prosthetic hand users},
journal= {Prosthetics and Orthotics International},
pages= {31(4):362-370},
year= {2007}
}

@article{Pylatiuk2004,
author= {C. Pylatiuk et al.},
title= {Progress in the Development of a Multifunctional Hand Prosthesis},
journal= {Proc. of the 26 th  IEEE EMBS Conference, San Francisco, CA, USA},
year= {2004}}

@article{TheSmartHand2011,
    author = {C. Cipriani and M. Controzzi and M. Ch. Carozza},
    title = {The SmartHand transradial prosthesis},
    journal = {Journal of NeuroEngineering and Rehabilitation},
    url = {http://www.jneuroengrehab.com/content/8/1/29},
    year = {2011}}
    
@article{ DillinghamRecentTrends2002,
    author = {T. R. Dillingham and Liliana E. Pezzini and E. J. MacKenzie},
    title = {Limb Amputation and Limb Deficiency: Epidemiology and Recent Trends in the United States},
    journal = {Southern Medical Journal},
    pages = {875--883},
    url = {http://www.ncbi.nlm.nih.gov/pubmed/12190225},
    volume = {95},
    year = {2002}}
    
@article{Pylatiuk2005,
    author = {C. Pylatiuk and S. Schulz},
    title = {Using the internet for an anonymous survey of myoelectrical prosthesis wearers},
    journal = {''MEC '05 Intergrating Prosthetics and Medicine,'' Proceedings of the 2005 MyoElectric Controls/Powered Prosthetics Symposium, held in Fredericton, New Brunswick, Canada},
    month = {August},
    url = {http://dukespace.lib.duke.edu/dspace/bitstream/handle/10161/2735/Pylatiuk\_02.pdf?sequence=3},
    year = {2005}}
    
%Paper not in db
@article{ Light2002,
    author = {C. M. Light and P. H. Chappell and P. J. Kyberd},
    title = {Establishing a standardized clinical assessment tool of pathologic and prosthetic hand function: Normative data, reliability, and validity},
    journal = {Arch. Phys. Med. Rehabil.},
    volume= {83},
    pages= {776--783},
    month = {June},
    year = {2002}}

%Paper not in db 
@article{ vanLunteren1983,
    author = {A. van Lunteren and G.H. van Lunteren-Gerritsen and H.G. Stassen and M.J. Zuithoff},
    title = {A field evaluation of arm prostheses
for unilateral amputees},
    journal = {Prosthet Orthot Int},
    volume= {7},
    pages= {141--151},
    year = {1983}}
    
%Paper not in db
@article{ Fraser1998,
    author = {C.M. Fraser},
    title = {An evaluation of the use made of cosmetic and functional prostheses by unilateral upper limb amputees},
    journal = {Prosthet Orthot Int},
    volume= {22},
    pages= {216--223},
    year = {1998}} 

%Paper not in db
@article{ Pillet2001,
    author = {J. Pillet and A. Didierjean-Pillet},
    title = {Aesthetic hand prosthesis: Gadget or therapy? Presentation of a new classification},
    journal = {J Hand Surg},
    volume= {26B},
    pages= {523--528},
    year = {2001}}
    
@book{Control-Engineering,
	author = {Stuart Bennet},
	title = {A history of control engineering 1930-1955},
	pages = {48},
	year = {1993}}
	
@online{Arduino,
author= {Arduino},
title= {Arduino Mega2560 board},
month= {October},
year= {2013},
url= {http://arduino.cc/en/Main/ArduinoBoardMega2560}}
    
@online{amputee-coalition,
author= {Kim M. Norton},
title= {inMotion: A brief history of prosthetics},
month= {November/December},
year= {2007},
url= {http://www.amputee-coalition.org/inmotion/nov_dec_07/history_prosthetics.html}}

@online{fluidic-muscles,
title= {Fluidic muscle},
month= {October},
year= {2012},
url= {http://www.festo.com/cms/en_corp/9790.htm}
}

@online{learning-gripper,
title= {Learning gripper},
month= {October},
year= {2013},
url= {http://www.festo.com/cms/en_corp/13156.htm}
}
    
@online{thefreedictionary,
title= {Muscle},
month= {October},
year= {2013},
url= {http://medical-dictionary.thefreedictionary.com/muscle}
}

@online{first-prosthesis,
author= {Kim M. Norton},
title= {Mummies' fake toes could be the first prosthesis},
month= {July},
year= {2007},
url= {http://news.nationalgeographic.com/news/2007/07/070727-egypt-toe.html}}

@online{history-of-amputations,
author= {Earl E. Vanderwerker},
title= {A Brief Review of the History of Amputations and Prostheses},
year= {1976},
url= {http://www.acpoc.org/library/1976_05_015.asp}
}

@article{ Keijlaa1993,
    author = {G. H. Kejlaa},
    title = {Consumer concerns and the functional value of prostheses to upper limb amputees.},
    journal = {Prosthet Orthot Int},
    volume= {17},
    pages= {157--163},
    year = {1993}}  
    
@article{ Leow2001,
    author = {M.E. Leow and  R.W.H. Pho and  B.P. Pereira},
    title = {Esthetic prostheses in minor and major upper limb amputations.},
    journal = {Hand Clin},
    volume= {17},
    pages= {489--497},
    year = {2001}}  


@article{ Millstein1986,
    author = {S.G. Millstein and  H. Heger and  G.A. Hunter},
    title = {Prosthetic use in adult upper limb amputees: A comparison of the body
powered and electrically powered prostheses.},
    journal = {Prosthet Orthot Int},
    volume= {10},
    pages= {27--34},
    year = {2001}}

@article{ Silcox1993,
    author = {D.H. Silcox and  M.D. Rooks and  R.R. Vogel and  L.L. Fleming},
    title = {Myoelectric prostheses: Long-term follow-up and a study of the use of alternate prostheses.},
    journal = {J Bone Joint Surg},
    volume= {75A},
    pages= {1781--1789},
    year = {1993}}
    
@article{ Dudkiewicz2004,
    author = {I. Dudkiewicz and  R. Gabrielov and  I. Seiv-Ner and  G. Zelig and  M. Heim},
    title = {Evaluation of prosthetic usage in upper limb amputees.},
    journal = {Disabil Rehabil},
    volume= {26},
    pages= {60--63},
    year = {2004}}

@article{ Crandall2002,
    author = {R.C. Crandall and W. Tomhave},
    title = {Pediatric unilateral below-elbow amputees: Retrospective analysis of 34 patients given multiple prosthetic options.},
    journal = {J Pediatr Orthop},
    volume= {22},
    pages= {380--383},
    year = {2002}}
    
@article{Dalsey1989,
	author={R. Dalsey and W. Gomez and W.H. Seitz and H.M. Dicka and G. Hutnick and R. Akdeniz},
	title = {Myoelectric prosthetic replacement in the
upper-extremity amputee.},
	journal={Orthop Rev},
	volume = {18},
	pages={697 -- 702},
	year={1989}} 

@article{ Huang2001,
    author = {M.E. Huang and C.E. Levy and J.B. Webster},
    title = {Acquired limb deficiencies. 3. Prosthetic components, prescriptions, and indications.},
    journal = {Arch Phys Med Rehabil},
    volume= {82(Suppl. 1)},
    pages= {S17-S24},
    year = {2001}}

@article{ LeBlanc1998,
    author = {M. LeBlanc},
    title = {Use of prosthetic prehensors.},
    journal = {Prosthet Orthot Int.},
    month= {December},
    volume= {12(3)},
    pages= {152--156},
    year = {1998}, 
    url= {http://www.ncbi.nlm.nih.gov/pubmed/3217245}}

@article{ Carrozza2002,
    author = {M.C. Carrozza and B. Massa and R. Lazzarini and M. Zecca and P. Dario},
    title = {The Development of a Novel Prosthetic Hand - Ongoing Research and Preliminary Results.},
    journal = {IEEE/ASME Transactions on Mechatronics},
    volume= {7},
    pages= {108--114},
    year = {2002}}
    
@article{ Carrozza2006,
    author = {M.C. Carrozza and  G. Cappiello and  S. Micera and  B.B. Edin and  L. Beccai and  C. Cipriani},
    title = {Design of a cybernetic hand for perception and action.},
    journal = {Biological Cybernetics},
    volume= {95},
    pages= {629--644},
    year = {2006}}
    
@article{ Ishikawa2000,
    author = {Y. Ishikawa and  W. Yu and  H. Yokoi and  Y. Kakazu},
    title = {Development of robotic hands with an adjustable power transmitting mechanism.},
    journal = {Intelligent Engineering Systems Through Neural Networks.},
    volume= {10},
    pages= {631--636},
    year = {2000}}

@article{ Fite2008,
    author = {K.B. Fite and  T. J. Withrow and  X. Shen and  J.E. Mitchell and  M. Goldfarb},
    title = {A Gas-Actuated Anthropomorphic Prosthesis for Transhumeral Amputees.},
    journal = {IEEE Transactions on Robotics},
    volume= {24},
    pages= {159--169},
    year = {2008}}

@article{ Dalley2009,
    author = {S.A. Dalley and  T.E. Wiste and  T.J. Withrow and  M. Goldfarb},
    title = {Design of a multifunctional anthropomorphic prosthetic hand with extrinsic actuation.},
    journal = {IEEE/ASME Transactions On Mechatronics},
    volume= {14},
    pages= {699--706},
    year = {2009}}

@article{ Weir2008,
    author = {R. Weir and  M. Mitchell and  S. Clark and  G. Puchhammer and  M. Haslinger and  R. Grausenburger and  N. Kumar and  R. Hofbauer and  P. Kushnigg and  V. Cornelius and  M. Eder and  H. Eaton and  D. Wenstrand},
    title = { The intrinsic hand - a 22 degree of freedom artificial hand - wrist replacement.},
    journal = {Proc Myoelectric Controls/Powered Prosthetics Symposium},
    pages= {233--237},
    year = {2008}}

@article{ Mitchell2008,
    author = {M. Mitchell and  R. F. Weir},
    title = {Development of a clinically viable multifunctional hand prosthesis.},
    journal = {Proc Myoelectric Controls/Powered Prosthetics Symposium},
    pages= {45--49},
    year = {2008}} 

@article{ Matsuoka2006,
    author = {Y. Matsuoka and  P. Afshar and  M. Oh},
    title = {On the design of robotic hands for brain-machine interface.},
    journal = {Neurosurgical Focus},
    volume = {20},
    pages = {1--9},
    year = {2006}}

@online{shadowrobotcompany,
title = {Shadow Robot Company},
month = {October},
year = {2010},
url = {http://www.shadowrobot.com}}

@article{ Atkins1996,
    author = {D.J. Atkins and  D.C.Y. Heard and  W.H. Donovan},
    title = {Epidemiologic overview of individuals with upper limb loss and their reported research priorities.},
    journal = {Journal of Prosthetics and Orthotics},
    volume= {8},
    pages= {2--11},
    year = {1996}}
    
@article{ VanHam2009,
    author = "R. Van Ham and  T. G. Sugar and  B. Vanderborght and  K. W. Hollander and  D. Lefeber",
    title = "Review of Actuators with Passive Adjustable Compliance/Controllable Stiffness for Robotic Applications",
    journal = "IEEE Robotics \& Automation Magazine",
    month = "September",
    pages = "83--94",
    year = "2009",
    url= "ftp://xsee.ene.unb.br/Projects/rleg/protese/materiais/variable\%20stiffness\%20actuators/compliant\%20actuator\%20designs.pdf"}
    
@article{ Lundborg2001,
    author = {G. Lundborg and  B. Rosen},
    title = {Sensory substitution in prosthetics.},
    journal = {Hand Clinics},
    volume= {17},
    pages= {481--488},
    year = {2001}}
    
@article{ Bhaskaranand2003,
    author = {K. Bhaskaranand and  A.K. Bhat and  K.N. Acharya},
    title = {Prosthetic rehabilitation in traumatic upper limb amputees (an Indian perspective).},
    journal = {Arch Orthop Trauma Surg},
    volume= {123},
    pages= {363--366},
    year = {2003}}

@article{ Silcox1993,
    author = {D.H. Silcox and  M.D. Rooks and  R.R. Vogel and  L.L. Fleming},
    title = {Myoelectric prostheses: Long-term follow-up and a study of the use of alternate prostheses.},
    journal = {J Bone Joint Surg},
    volume= {75A},
    pages= {1781--1789},
    year = {1993}}

@article{ Sturup1988,
    author = {J. Sturup and  H.C. Thyregod and  J.S. Jensen and  J.B. Retpen and  G. Boberg and  E. Rasmussen and  S. Jensen},
    title = {Traumatic amputation of the upper limb: The use of body-powered prostheses and employment consequences.},
    journal = {Prosthet Orthot Int},
    volume= {12},
    pages= {50--52},
    year = {1988}}
    
@article{ Pinzur1994,
    author = {M.S. Pinzur and  J. Angelats and  T.R. Light and  R. Itzuierdo and  T. Pluth},
    title = {Functional outcome following traumatic upper limb amputation and prosthetic limb fitting.},
    journal = {J Hand Surg},
    volume= {19A},
    pages= {836--839},
    year = {1994}}
    
@misc{ Lightner2002,
    author = "S. Lightner and  R. Linclon",
    title = "The Fluidic Muscle: A 'New' Development",
    journal = "SPRING",
    pages = "1--5",
    volume = "2",
    year = "2002" }

@article{ Scotland1983,
    author = {T.R. Scotland and  H.R. Galway},
    title = {A long-term review of children with congenital and acquired upper limb deficiency.},
    journal = {J Bone Joint Surg},
    volume= {65B},
    pages= {346--349},
    year = {1983}}

@article{ Trost1983,
    author = {F.J. Trost},
    title = {A comparison of conventional and myoelectric below-elbow prosthetic use.},
    journal = {ICIB},
    volume= {18(4)},
    pages= {9--16},
    year = {1983}}

@article{ Datta1989,
    author = {D. Datta and  J. Kingston and  J. Ronald},
    title = {Myoelectric prostheses for below-elbow amputees: The Trent experience.},
    journal = {Int Disabil Stud},
    volume= {11},
    pages= {167--170},
    year = {1989}}

@article{ Ballance1989,
    author = {R. Ballance and  B.N. Wilson and  J.A. Harder},
    title = {Factors affecting myoelectric prosthetic use and wearing patterns in the juvenile unilateral below-elbow amputee.},
    journal = {Can J Occup Ther},
    volume= {56},
    pages= {132--137},
    year = {1989}}
    
@incollection{Hollerbach1992,
 author = {J. M Hollerbach and I. W. Hunter and J. Ballantyne},
 chapter = {A comparative analysis of actuator technologies for robotics},
 title = {The robotics review 2},
 year = {1992},
 isbn = {0-262-11171-3},
 pages = {299--342},
 numpages = {44},
 url = {http://bdml.stanford.edu/twiki/pub/Main/PerchingLinks/Hollerbach_Hunter_Ballantyne_1992_A_Comparative_Analysis_of_Actuator_Technologies_for_Robotics.pdf},
 acmid = {146323},
 publisher = {MIT Press},
 address = {Cambridge, MA, USA},
} 

@article{ Glynn1986,
    author = {M.K. Glynn and  H.R. Galway and  G. Hunter and  W.F. Sauter},
    title = {Management of the upper-limb-deficient child with a powered prosthetic device.},
    journal = {Clin Orthop},
    volume= {209},
    pages= {202--205},
    year = {1986}}

@article{ Weaver1988,
    author = {S.A. Weaver and  L.R. Lange and  V.M. Vogts},
    title = {Comparison of myoelectric and conventional prostheses for adolescent amputees.},
    journal = {Am J Occup Ther},
    volume= {42},
    pages= {87--91},
    year = {1988}}

@article{ Kruger1993,
    author = {L.M. Kruger and  S. Fishman},
    title = {Myoelectric and body-powered prostheses.},
    journal = {J Pediatr Orthop},
    volume= {13},
    pages= {68--75},
    year = {1993}}

@article{ Crandall2002,
    author = {R.C. Crandall and  W. Tomhave},
    title = {Pediatric unilateral below-elbow amputees: Retrospective analysis of 34 patients given multiple prosthetic options.},
    journal = {J Pediatr Orthop},
    volume= {22},
    pages= {380--383},
    year = {2002}}

@article{ Mendez1985,
    author = {M.A. Mendez},
    title = {Evaluation of a myoelectric hand prosthesis for children with a below-elbow absence.},
    journal = {Prosthet Orthot Int},
    volume= {9},
    pages= {137--140},
    year = {1985}}

@article{ Menkveld1987,
    author = {S.R. Menkveld and  M.P. Novotny and M. Schwartz},
    title = {Age-appropriateness of myoelectric prosthetic fitting.},
    journal = {J Assoc Child Prosthet Orthot Clin},
    volume= {22},
    pages= {60--65},
    year = {1987}}

@article{ Berke1991,
    author = {G.M. Berke and  C.C. Nielsen},
    title = {Establishing parameters affecting the use of myoelectric prostheses in children: A preliminary investigation.},
    journal = {J Prosthet Orthot},
    volume= {3},
    pages= {162--167},
    year = {1991}}

@article{ Hubbard1997,
    author = {S. Hubbard and I. Kurtz and  W. Heim and  G. Montgomery},
    title = {Powered prosthetic intervention in upper extremity deficiency.},
    journal = {American Academy of Orthopedic Surgeons.},
    pages= {417--431},
    year = {1997}}

@article{ Routhier2001,
    author = {F. Routhier and  C. Vincent and  M.J. Morissette and  L. Desaulniers},
    title = {Clinical results of an investigation of paediatric upper limb myoelectric prosthesis fitting at the Quebec Rehabilitation Institute.},
    journal = {Prosthet Orthot Int},
    volume= {25},
    pages= {119--131},
    year = {2001}}

@article{ Northmore1980,
    author = {M.D. Northmore-Ball and  H. Heger and  G.A. Hunter},
    title = {The below-elbow myo-electric prosthesis: A comparison of the Otto Bock myo-electric prosthesis with the hook and functional hand.},
    journal = {J Bone Joint Surg},
    volume= {62B},
    pages= {363--367},
    year = {1980}}

@article{ Heger1985,
    author = {H. Heger and  S. Millstein and  G.A. Hunter},
    title = {Electrically powered prostheses for the adult with an upper limb amputation.},
    journal = {J Bone Joint Surg Br},
    volume= {67},
    pages= {278--281},
    year = {123}}

@article{ Herberts1980,
    author = {P. Herberts and  L. Korner and  K. Caine and  L. Wensby},
    title = {Rehabilitation of unilateral below-elbow amputees with myoelectric prostheses.},
    journal = {Scand J Rehabil Med},
    volume= {12},
    pages= {123--128},
    year = {1980}}

@article{ Hermanson2005,
    author = {L. Hermansson and  A.C. Eliasson and  I. Engstrom},
    title = {Psychosocial adjustment in Swedish children with upper-limb reduction deficiency and a myoelectric prosthetic hand.},
    journal = {Acta Paediatr},
    volume= {94},
    pages= {479--488},
    year = {2005}}

@article{ Stein1983,
    author = {R.B. Stein and  M. Walley},
    title = {Functional comparison of upper extremity amputees using myoelectric and conventional prostheses.},
    journal = {Arch Phys Med Rehabil},
    volume= {65},
    pages= {243--247},
    year = {123}}

@article{ Datta2004,
    author = {D. Datta and  K. Selvarajah and  N. Davey},
    title = {Functional outcome of patients with proximal upper limb deficiency-acquired and congenital.},
    journal = {Clin Rehabil},
    volume= {18},
    pages= {172--177},
    year = {2004}}

@article{ Razic1972,
    author = {D. Razic},
    title = {Kinematics Design of a Multifunctional Hand Prosthesis.},
    journal = {External Control of Human Extremities, Dubrovnik, Yugoslavia},
    volume= {4},
    year = {1972}}

@article{ Herberts1973,
    author = {P. Herberts and  C. Almstrom and  R. Kadefors and  P.D. Lawrence},
    title = {Hand Control Via Myoelectric Patterns.},
    journal = {Acta Orthopaedica Scandinavica},
    volume= {44},
    pages= {389--409},
    year = {1973}}

@article{ Light2000,
    author = {C.M. Light and  P.H. Chappell},
    title = {Development of a lightweight and adaptable multiple-axis hand prosthesis.},
    journal = {Med Eng Phys},
    volume= {22},
    pages= {679--684},
    year = {2000}}

@article{ Kyberd1995,
    author = {P.J. Kyberd and  O.E. Holland and  P.H. Chappell and  S. Smith and  R. Tregdigo and  P.J. Bagwell and  M. Snaith},
    title = {Marcus: A two degree of freedom hand prosthesis with hierarchical grip control.},
    journal = {IEEE Trans Rehabil Eng},
    volume= {3},
    pages= {70--76},
    year = {1995}}

@article{ Dechev2001,
    author = {N. Dechev and  W.L. Cleghorn and  W.L. Naumann},
    title = {Multiple finger, passive adaptive grasping prosthetic hand.},
    journal = {Mechanism and machine theory},
    volume= {36},
    pages= {1157--1173},
    year = {2001}}

@article{ Massa2002,
    author = {B. Massa and  S. Roccella and  M.C. Carrozza and  P. Dario},
    title = {Design and development of an underactuated prosthetic hand.},
    journal = {Proc Intl Conf on Robotics and Automation},
    year = {2002}}

@article{ Carrozza2004,
    author = {M.C. Carrozza and  C. Suppo and  F. Sebastiani and  B. Massa and  F. Vecci and  R. Lazzaroni and  M.R. Cutkosky and P. Dario},
    title = {The SPRING Hand: Development of a Self-Adaptive Prosthesis for Restoring Natural Grasping.},
    journal = {Autonomous Robots},
    volume= {16},
    pages= {125--141},
    year = {123}}

@article{ Pons2004,
    author = {J.L. Pons and  E. Rocon and  R. Ceres and  D. Reynaerts and  B. Saro and  S. Levin and  W. Van Moorleghem},
    title = {The MANUS-HAND Dextrous Robotics Upper Limb Prosthesis:Mechanical and Manipulation Aspects.},
    journal = {Autonomous Robots},
    volume= {16},
    pages= {143--163},
    year = {2004}}

@article{ Pylatiuk2004,
    author = {C. Pylatiuk and  S. Schulz and  A. Kargov and  G. Bretthauer},
    title = {Two Multiarticulated Hydraulic Hand Prostheses.},
    journal = {Artificial Organs},
    volume= {28},
    pages= {980--986},
    year = {2004}}

@article{ Carrozza2005,
    author = {M.C. Carrozza and  G. Cappiello and  G. Stellin and  F. Zaccone and  F. Vecchi and  S. Micera and  P. Dario},
    title = {A Cosmetic Prosthetic Hand with Tendon Driven Under-Actuated Mechanism and Compliant Joints: Ongoing Research and Preliminary Results.},
    journal = {Proc Intl Conf on Robotics and Automation},
    year = {2005}}

@article{ Chu2008,
    author = {J.U. Chu and  J.U. Jung and  Y.J. Lee},
    title = {Design and Control of a Multifunction Myoelectric Hand with New Adaptive Grasping and Self-locking Mechanisms.},
    journal = {Proc Intl Conf on Robotics and Automation},
    year = {2008}}

@article{ Nightingale1985,
    author = {J.M. Nightingale},
    title = {Microprocessor control of an artificial arm.},
    journal = {Journal of Microcomputer Applications},
    volume= {8},
    pages= {167--173},
    year = {1985}}

@article{ Cipriani2010,
    author = {C. Cipriani and  M. Controzzi and  M.C. Carrozza},
    title = {Objectives, Criteria and Methods for the Design of the SmartHand Transradial Prosthesis.},
    journal = {Robotica},
    volume= {28},
    pages= {919--927},
    year = {2010}}

@article{ Kyberd1993,
    author = {P.J. Kyberd and  N. Mustapha and  F. Carnegie and  P.H. Chappell},
    title = {Clinical experience with a hierarchically controlled myoelectric hand prosthesis with vibro-tactile feedback.},
    journal = {Prosthetics and Orthotics International},
    volume= {17},
    pages= {56--64},
    year = {1993}}
    
@article{ Kyberd2011,
    author = {P.J. Kyberd and  W. Hill},
    title = {Survey of upper limb prosthesis users in Sweden, the United Kingdom and Canada},
    journal = {Prosthetics and Orthotics International},
    volume= {35},
    pages= {234--241},
    year = {2011},
    DOI = {10.1177/0309364611409099},
    url={http://poi.sagepub.com/content/35/2/234}}
    


@article{ Pons2005,
    author = {J.L. Pons and  R. Ceres and  E. Rocon and  D. Reynaerts and  B. Saro and  S. Levin and  W. Van Moorleghem},
    title = {Objectives and technological approach to the development of the multifunctional MANUS upper limb prosthesis.},
    journal = {Robotica},
    volume= {23},
    pages= {301--310},
    year = {2005}}

@article{ Pylatiuk2004,
    author = {C. Pylatiuk and  S. Mounier and A. Kargov and  S. Schulz and  G. Bretthauer},
    title = {Progress in the development of a multifunctional hand prosthesis.},
    journal = {Proc IEEE EMBS Int Conf},
    volume= {2},
    pages= {4262--4263},
    year = {2004}}

@article{Kuiken2007,
title = {Targeted reinnervation for enhanced prosthetic arm function in a woman with a proximal amputation: a case study},
journal = {The Lancet},
volume = {369},
number = {9559},
pages = {371 -- 380},
year = {2007},
issn = {0140-6736},
doi = {http://dx.doi.org/10.1016/S0140-6736(07)60193-7},
url = {http://www.sciencedirect.com/science/article/pii/S0140673607601937},
author = {T. A. Kuiken and  L. A. Miller and  R. D Lipschutz and  B. A. Lock and  K. Stubblefield and  P. D Marasco and  P. Zhou and  G. A. Dumanian}
}

@online{targeted-muscle-reinnervation,
author= {Emily Singer},
title= {Patients test an advanced prosthetic arm | MIT Technology Review},
year= {2009},
month= {February},
url= {http://www.technologyreview.com/view/411996/patients-test-an-advanced-prosthetic-arm/}
}

@online{cfrhosigma,
title= {Fibre properties},
year= {2009},
url= {http://www.saertex.com/produkt_technik/produkte/fasereigenschaften/}
}

@online{cf-rho-sigma,
title= {Fibre properties},
year= {2009},
url= {http://www.saertex.com/produkt_technik/produkte/fasereigenschaften/}
}

@online{Majumdar1995,
author= {S.R. Majumdar},
title= {Pneumatic System: Principles and Maintenance},
year= {1995},
url= {books.google.ch/books?id=k6KLBs2L2AMC\&printsec=frontcover\&ei=Np-jTZeiK8bXgQfag8HaBQ}
}

@online{TentacleProsthesis,
author= {Kaylene Kau},
title= {PROSTHETIC ARM},
month= {October},
year= {2010},
url= {http://www.coroflot.com/kaylenek/prosthetic-arm}
}

@online{wwwtouchbionics,
title= {Touch Bionics Website},
month= {October},
year= {2013},
url= {http://www.touchbionics.com/}
}

@online{wwwrslsteeper,
title= {RSL Steeper Website},
month= {October},
year= {2013},
url= {http://rslsteeper.com/}
}

@article{ Hulliger1984,
    author = {M. Hulliger},
    title = {The mammalian muscle spindle and its central control},
    journal = {Rev. Physiol. Biochem. Pharmacol.},
    volume= {101},
    pages= {1--110},
    year = {1984},
    url = {http://link.springer.com/chapter/10.1007/BFb0027694},
    PMID = {6240757}}

@book{ Mason1985,
    author = {M. T. Mason and  J. K. Salisbury Jr.},
    title = {Robot hands and the mechanics of manipulation},
    publisher = {The MIT Press},
    year = {1985}}

@article{ Controzzi2010,
    author = {M. Controzzi and C. Cipriani and B. Jehenne and M. Donati and M. C. Carrozza},
    title = {Bio-Inspired Mechanical Design of a Tendon-Driven Dexterous Prosthetic Hand},
    journal = {32nd Annual International Conference of the IEEE EMBS
Buenos Aires, Argentina},
    month = {September},
    year = {2010}}
    

@book{ Kapandji1982,
    author = {I.A. Kapandji},
    title = {The Physiology of the Joints – Volume one Upper limb},
    publisher = {Churchill Livingstone, Edinburgh and London},
    volume= {2nd edition},
    year = {1982}}
    

@article{ Folgheraiter2000,
    author = {Michele Folgheraiter and  Giuseppina Gini},
    title = {Blackfingers: an Artificial Hand that Copies Human Hand in Structure, Size, and Functions},
    journal = {Humanoids},
    pages = {1--10},
    year = {2000}}   
    
@article{ Tenore2009,
    author = {F. V. G. Tenore and  A. Ramos and  A. Fahmy and  S. Acharya and  R. Etienne-Cummings and  N. Thakor},
    title = {Decoding of individuated finger movements using surface electromyography},
    journal = {IEEE Trans. Biomed. Eng.},
    volume= {56(5)},
    pages= {1427--1434},
    year = {2009}}

@article{ Rossini2010,
    author = {P.M. Rossini and  S. Micera and  A. Benvenuto and  J. Carpaneto and  G. Cavallo and  L.
Citi and  C. Cipriani and  L. Denaro and  V. Denaro and  G. Di Pino and  F. Ferreri and  E.
Guglielmelli and  K-P. Hoffmann and  S. Raspopovic and  J. Rigosa and  L. Rossini and 
M. Tombini and  P. Dario},
    title = {Double Nerve Intraneural Interface Implant on a Human Amputee for Robotic Hand Control},
    journal = {Clinical Neurophysiology},
    volume= {121(5)},
    pages= {777--783},
    month = {May},
    year = {2010}}

@article{ Sollerman1995,
    author = {C. Sollerman and A. Ejeskar},
    title = {Sollerman hand function test. A standardized method and its use in tetraplegic patients.},
    journal = {Scand J Plast Reconstr Surg Hand Surg},
    volume= {29},
    pages= {167--176},
    year = {1995},
    url = {http://www.ncbi.nlm.nih.gov/pubmed/7569815?dopt=Abstract}}

@article{ Schulz2011,
    author = {Stefan Schulz},
    title = {First experiences with the vincent hand},
    journal = {Proceedings of the 2011 MyoElectric Controls/Powered Prosthetics Symposium Fredericton,New Brunswick, Canada}},
    month = {August},
    year = {2011}}
    
@article{Medynski2011,
    author = {Courtney Medynski},
    title = {Bebionic Prosthetic Design},
    journal = {Proceedings of the 2011 MyoElectric Controls/Powered Prosthetics Symposium Fredericton,New Brunswick, Canada},
    month = {August},
    year = {2011}}
    
@article{Jacobsen1985,
    author = {S.C. Jacobsen and  E.K. Iversen and  D.F. Knutti and  R.T. Johnson and  K.B. Biggers},
    title = {Design of the Utah-M.I.T. Dexterous Hand},
    pages = {1520--1532},
    year = {1986}}
    
@article{Misra2010,
    author = {Sarthak Misra},
    title = {The state of the art of Prosthesis Hand},
    url = {http://myopro.rrdweb.nl/myopro/work-package-4/HandMechanicsGBotti.pdf}}
    
@article{Iberall1997,
    author = {Thea Iberall},
    title = {Human Prehension and Dexterous Robot Hands},
    journal = {The International Journal of Robotics Research},
    url = {http://ijr.sagepub.com/content/16/3/285},
    pages= {285-299},
    year = {1997}}
    
@article{ Kyberd2003,
    author = {P.J.Kyberd and  J.L.Pons},
    title = {A comparison of the oxford and manus intelligent hand prostheses},
    journal = {Proceedings of the 2003 IEEE International Conference on Robotics \& Automation, Taipei, Taiwan},
    month = {September},
    pages = {3231--3236},
   	year = {2003}}
   	
@article{TouchBionics2013,
    author = {Touch Bionics},
    title = {i-limb ultra Clinician Manual},
    month = {March},
    pages = {1--57},
    year = {2013}}
    
@article{ Gaiser2009,
    author = {I. N. Gaiser and C. Pylatiuk and  S. Schulz and  A. Kargov and  R. Oberle and  T. Werner},
    title = {The Fluidhand III: A Multifunctional Prosthetic Hand},
    journal = {JPO Journal of Prosthetics and Orthotics},
    pages = {1--6},
    year = {2009}}
   
@article{DeGreef2009, 
     author={A. De Greef and  P. Lambert and  A. Delchambre},
	journal={Precision Engineering-journal of The International Societies for Precision Engineering and Nanotechnology},
	volume={33(4)},
	pages={311--321},
	year={2009},
	doi={10.1016/j.precisioneng.2008.10.004}}

    
    
    
 @article{ BridgeDenckla1913,
    author = {Martha Bridge Denckla},
    title = {Development of Speed in Repetitive and Successive Finger-movements in Normal Children},
    journal = {Develop. Med. Child Neurol.},
    pages = {635--645},
    year = {1913}}

@article{ Aoki2008,
    author = {T. Aoki and P. R. Francis and H. Kinoshita},
    title = {Differences in the abilities of individual fingers during the performance of fast, repetitive tapping movements},
    journal = {Exp Brain Res},
    pages = {270--280},
    year = {2008}}

@article{ Jobbagy2005,
    author = {A. Jobbagy and  P. Harcos and  R. Karoly and  G. Fazekas},
    title = {Analysis of finger-tapping movement},
    journal = {Journal of Neuroscience Methods},
    pages = {29--39},
    year = {2005}}

@article{ Goebl2009,
    author = {W. Goebl and  C. Palmer},
    title = {Finger motion in piano performance: Touch and tempo},
    journal = {International Symposium on Performance Science},
    year = {2009}}


@article{ Rodrigues2009,
    author = {J. P. Rodrigues and  F. L. Mastaglia and G. W. Thickbroom},
    title = {Rapid slowing of maximal Finger movement rate: fatigue of central motor control?},
    journal = {Exp Brain Res},
    month = {June},
    pages = {557-563},
    year = {2009}}

@article{ Yokoe2008,
    author = {M. Yokoe and  R. Okuno and  T. Hamasaki and  Y. Kurachi and  K. Akazawa and  S. Sakoda},
    title = {Opening velocity, a novel parameter, for finger tapping test in patients with Parkinson's disease},
    journal = {Parkinsonian and Related Disorders},
    month = {November},
    pages = {440-444},
    year = {2008}}

@article{ Wessberg1996,
    author = {J. Wessberg and  A. B. Vallbo},
    title = {Pulsatile motor output in human finger movements is not dependent on the stretch reflex},
    journal = {Journal of Physiology},
    pages = {895--908},
    year = {1996}}
    
    
@article{ Reynolds2004,
    author = {H. M. Reynolds and  N. P. Smith and  P.J. Hunter},
    title = {Construction of an Anatomically Accurate Geometric Model of the Forearm and Hand Musculo-Skeletal System},
    journal = {Proceedings of the 26th Annual International Conference of the IEEE EMBS, San Francisco, CA},
    month = {September},
    year = {2004}}
 
@article{ Meier2008,
    author = {J. D. Meier and  T. N. Aflalo and  S. Kastner and  M. S. A. Graziano},
    title = {Complex Organization of Human Primary Motor Cortex: A High-Resolution fMRI Study},
    journal = {J Neurophysiol.},
    volume= {100(4)},
    pages= {1800--1812},
    month= {October},
    year = {2008},
    doi= {10.1152/jn.90531.2008},
    url= {http://www.ncbi.nlm.nih.gov/pmc/articles/PMC2576195/}}
    
@book{ Gray1918,
    author = {H. Gray and  W.H. Lewis},
    title = {Anatomy of the human body},
    publisher = {Philadelphia: Lea and Febiger, 1918},
    volume= {20th edition},
    year = {1918},
    isbn = {1-58734-102-6},
    url = {www.bartleby.com/107/}}

@book{Pfeifer2006,
 author = { R. Pfeifer and J.C. Bongard},
 title = {How the Body Shapes the Way We Think: A New View of Intelligence (Bradford Books)},
 year = {2006},
 isbn = {0262162393},
 publisher = {The MIT Press},
}

@article{ Newman2008,
    author = {P.J. Newman},
    title = {Multi-articulating hands and fingers—technical strategies for improved function and myoelectric uptake.},
    journal = {Proceedings of MEC ’02, MyoElectric Controls/Powered Prosthetics Symposium. Fredericton, Canada},
    month = {August},
    year = {2008}}

@article{locking1,
author={B. Peerdeman and  S. Stramigioli and  E. E. G. Hekman and  D. M. Brouwer and  S. Misra},
title={Development of Underactuated Prosthetic Fingers with Joint Locking and Electromyographic Control},
journal={Mechanical Engineering Research},
month={June},
year={2013},
volume={3(1)},
url={http://www.ccsenet.org/journal/index.php/mer/article/view/24107}}



@article{Altinsoy2010,
title= {Vibroacoustic Investigations on Hand Prostheses and Sound Design},
author= {M. E. Altinsoy},
journal= {Proceedings of 20th International Congress on Acoustics, ICA,Sydney, Australia},
month = {August},
year= {2010},
url= {http://www.ias.et.tu-dresden.de/ias/fileadmin/user_upload/akustik/Forschung/altinsoy_alt/11_1_.pdf}}


@article{ Swanson1970,
    author = {A. B. Swanson and I. B. Matev and  G. de Groot},
    title = {The strength of the hand},
    journal = {International Conference on industrial biotechnology},
    pages = {1-8},
    url = {www.rehab.research.va.gov/jour/70/7/2/swanson.pdf‎},
    year = {1970}}

@article{ Wells2001,
    author = {R. Wells and  M. Greig},
    title = {Characterizing human hand prehensile strength by force and moment wrench},
    journal = {Ergonomics},
    pages = {1392-1402},
    url = {www.ncbi.nlm.nih.gov/pubmed/11936830‎},
    year = {2001}}

@article{ Didomenico2003,
    author = {A. Didomenico and  M. A. Nussbaum},
    title = {Measurement and prediction of single and multi-digit finger strength},
    journal = {Ergonomics},
    pages = {1431-1548},
    url = {www.ncbi.nlm.nih.gov/pubmed/14668173},
    year = {2003}}

@article{ Mathiowetz1985,
    author = {V. Mathiowetz and  N. Kashman and  G. Volland and  K. Weber and  M. Dowe and  S. Rogers},
    title = {Grip and Pinch Strength: Normative Data for Adults},
    journal = {Arch Phys Med Rehabil},
    pages = {69-74},
    url = {www.ncbi.nlm.nih.gov/pubmed/3970660},
    year = {1985}}
    
@article{Dickson1972,
author = {R.A. Dickson and  A. Petrie and  F.V. Nicolle and  J.S. Calnan},
title = {A device for measuring the force of the digits of the hand.},
journal = {Biomed Eng},
volume = {7},
year = {1972},
number = {6},
pages = {270-273},
url = {http://www.ncbi.nlm.nih.gov/pubmed/5045528},
PubMedID = {5045528},
ISSN = {0006-2898}
}

@article{Li2000,
    author = {S. Li and  F. Danion and  M.L. Latash and  Z.-M. Li and  V.M. Zatsiorsky},
    title = {Characteristics of finger force production during one- and two-hand tasks},
    journal = {Human movement science},
    pages = {897-923},
    year = {2000}}

@article{Radwin1992,
    author = {Robert Radwin and  Seoungyeon Oh},
    title = {External finger forces in submaximal five-finger static pinch prehension},
    journal = {Ergonomics},
    pages = {275-288},
    year = {1992}}

@article{Didomenico2003,
    author = {A. Didomenico and  M. A. Nussbaum},
    title = {Measurement and prediction of single and multi-digit finger strength},
    journal = {Ergonomics},
    pages = {1431-1548},
    url = {www.ncbi.nlm.nih.gov/pubmed/14668173},
    year = {2003}}
    
@article{Kargov2004,
    author = {A. Kargov and  C. Pylatiuk and C. Pylatiuk and  J. Martin and  S. Schulz and  L. Döderlein},
    title = {A comparison of the grip force distribution in natural hands and in prosthetic hands},
    journal = {Disability and habilitaton},
    pages = {705--711},
    url = {http://www.swisswuff.ch/files/amputation/prosthetics\%20grip\%20design/forces\%20prosthetic\%20hand.pdf},
    year = {2004}}

@article{MaxDermid2004,
    author = {J. C. MaxDermid and  A. Lee and  R. S. Richards and  J. H. Roth},
    title = {Individual Finger Strength: Are the Ulnar Digits ''Powerful''?},
    journal = {Journal of Hand Therapy},
    month = {September},
    pages = {364-267},
    url = {http://www.sciencedirect.com/science/article/pii/S0894113004000766},
    year = {2004}}

@article{Zong2002,
    author = {L. Zong-Ming},
    title = {The Influence of Wrist Position on Individual Finger Forces During Forceful Grip},
    journal = {Journal of Hand Surgery},
    month = {September},
    pages = {886-896},
    url = {http://www.sciencedirect.com/science/article/pii/S036350230200045X},
    year = {2002}}


@article{Williams2005,
	author={T.W.I. Williams},
	title={Controlling powered upper extremity prostheses now and in the future.},
	journal = {Proceedings of the MEC '05 Integrating Prosthetics and Medicine,University of New Brunswick.},
	month = {August},
	year={2005},
	pages={56-61}
}

@article{Kyberd2001, 
author={P.J. Kyberd and C. Light and P.H. Chappell and J.M. Nightingale and  D. Whatley and M. Evans}, 
journal={Robotica}, 
title={The design of anthropomorphic prosthetic hands: A study of the Southampton hand.}, 
year={2001}, 
volume={19},
pages={593-600}}

@article{Pons2002, 
author={J.L. Pons and H. Rodriguez and I. Luyckx and D. Reynaerts and R. Ceres and H. Van Brussel}, 
journal={Technol Heath Care}, 
title={High torque ultrasonic motors for hand prosthetics: Current status and trends.}, 
year={2002}, 
volume={10(2)}}

@article{DelCura2003,
author = {V.O. Del Cura and F.L. Cunha and M.L. Aguiar and A. Cliquet},
title = {Study of the different types of actuators and mechanisms for
upper limb prostheses.},
journal = {Artif Organs},
volume = {27},
year = {2003},
pages = {506 -- 516}
}

@article{Belter2011, 
author={J.T. Belter and A.M. Dollar}, 
journal={Rehabilitation Robotics (ICORR), 2011 IEEE International Conference on}, 
title={Performance characteristics of anthropomorphic prosthetic hands}, 
year={2011}, 
pages={1-7},  
doi={10.1109/ICORR.2011.5975476}, 
ISSN={1945-7898},
url={www.eng.yale.edu/grablab/pubs/Belter_ICORR2011.pdf‎}}


@online{Ottobock-Sensor1,
title= {Ottobock Product Webpage},
year= {2011},
url= {http://www.ottobock.com/cps/rde/xchg/ob_us_en/hs.xsl/6952.html}
}

@online{Ottobock-Sensor2,
title= {Ottobock Product Webpage},
year= {2011},
url= {http://www.ottobock.com/cps/rde/xchg/ob_com_en/hs.xsl/3652.html}
}

@online{RSLSteeperBebionic,
author= {RSL Steeper},
title= {BeBionic Product Brochure},
year= {2011},
url= {http://www.bebionic.com/wp-content/uploads/bebionic-Product-Brochure-Final.pdf}
}

@article{Pons2004, 
author={J.L. Pons and  E. Rocon and  R. Ceres and  D. Reynaerts and  B. Saro and  S. Levin and  W. Van Moorleghem}, 
journal={Autonomous Robots}, 
title={The MANUS-HAND* Dextrous Robotics Upper Limb Prothesis: Mechanical and Manipulation Aspects}, 
year={2004},
volume={16},
pages={143-163}}

@article{Kay1972, 
author={H.W. Kay and M. Rakic}, 
journal={Proceedings of the 4th International Symposium on the External Control of Human Extremities}, 
title={Specifications for Electromechanical Hands}, 
year={1972},
pages={137-155}}

@article{Light2000, 
author={C. M. Light and P.H. Chappell}, 
journal={Medical Engineering \& Physics}, 
title={Development of a lightweight and adaptable multiple-axis hand prosthesis}, 
year={2000},
volume={22},
pages={679-684}}

@article{Vinet1995, 
author={R. Vinet and  Y. Lozac'h and  N. Beaudry and  G. Drouin}, 
journal={Journal of Rehabilitation Research and Development}, 
title={Design methodology for a multifunctional hand prosthesis}, 
year={1995},
volume={32(4)},
pages={316-324}}

@article{ Amadio2005,
    author = {P. C. Amadio},
    title = {Friction of the Gliding Surface Implications for Tendon Surgery and Rehabilitation},
    journal = {J Hand Ther},
    volume= {18(2)},
    pages= {112--119},
    month= {April},
    year = {2005},
    doi= {10.1197/j.jht.2005.02.005},
    url= {http://www.ncbi.nlm.nih.gov/pmc/articles/PMC1370263/}}

@article{ Li2001,
    author = {Z.M. Li and V.M. Zatsiorsky and  M.L. Latash},
    title = {The Effect of Finger Extensor Mechanism on the flexor force during isometric tasks},
    journal = {Journal of Biomechanics},
    volume= {34(8)},
    pages= {1097-1102},
    month= {April},
    year = {2001},
    url= {http://www.ncbi.nlm.nih.gov/pubmed/11448702}}
 
 
@article{ Schweizer2003,
    author = {A. Schweizer and  O. Frank and  P.E. Ochsner and H.A. Jacob},
    title = {Friction between human finger flexor tendons and pulleys at high loads.},
    journal = {Journal of Biomechanics},
    volume= {36(1)},
    pages= {63--71},
    month= {January},
    year = {2003},
    url= {http://www.ncbi.nlm.nih.gov/pubmed/12485639}}
    
    @article{ Billock1986,
    author = {J.N. Billock},
    title = {Upper Limb Prosthetic Terminal Devices: Hands Versus Hooks},
    journal = {Cinical Prosthetics and Orthotics},
    volume= {10(2)},
    pages= {57--65},
    year = {1986},
    url= {http://www.oandplibrary.org/cpo/pdf/1986_02_057.pdf}}
    
      @article{ Trost1983,
    author = {F.J. Trost},
    title = {A Comparison of Conventional and Myoelectric Below-Elbow Prosthetic Use},
    journal = {ICIB},
    volume= {18(4)},
    pages= {9--15},
    year = {1983},
    url= {http://www.acpoc.org/library/1983_04_009.asp}}
  
  
      @article{ Weaver1988,
    author = {S.A. Weaver and L.R. Lange and  V.M. Vogts},
    title = {Comparison of myoelectric and conventional prostheses for adolescent amputees.},
    journal = {Am J Occup Ther},
    volume= {42(2)},
    pages= {87--91},
    month={February},
    year = {1988},
    url= {http://www.ncbi.nlm.nih.gov/pubmed/3348341}}

@article{ Napier1956,
    author = {J.R. Napier},
    title = {The prehensile movements of the human hand.},
    journal = {J Bone Joint Surg Br.},
    volume= {38B (4)},
    pages= {902--913},
    month={November},
    year = {1956},
    url= {http://www.ncbi.nlm.nih.gov/pubmed/13376678}}
    
@article{ Binnard1995,
    author = {M.B. Binnard},
    title = {Design of a small pneumatic walking robot.},
    journal = {Massachusetts Institute of Technology},
    year = {1995},
    url= {http://hdl.handle.net/1721.1/10422}
    }
    
    
@article{ Davis2001,
    author = {S.T. Davis and  D.G. Caldwell},
    title = {The Bio-Mimetic Design of a Robot Primate Using Pneumatic Muscle Actuators.},
    journal = {International Journal of Intelligent and Robotics Systems},
    pages= {197--204},
    month={September},
    year = {2001},
    url= {http://www.ncbi.nlm.nih.gov/pubmed/13376678}}
  
@book{ Song1989,
    author = {S.M. Song and  K.J. Waldron},
    title = {Machines That Walk.},
    publisher = {MIT Press},
    year = {1989}}
  
  
@article{ Nickel1963,
    author = {V.L. Nickel and  J. Perry and  A.L. Garrett},
    title = {Development of useful function in the severely paralyzed hand.},
    journal = {Journal of Bone and Joint Surgery.},
    volume= {45A (5)},
    pages= {933--952},
    year = {1956},
    url= {http://jbjs.org/article.aspx?articleid=13965}}  

@article{ Gaylord1958,
    author = {R.H. Gaylord},
    title = {Fluid actuated motor system and stroking device.},
    journal = {U.S. Patent 2,844,126 A},
    month={July},
    year = {1958},
    url= {http://www.google.com/patents/US2844126}} 
    
@article{ Colbrunn2001,
    author = {R.W. Colbrunn and  G.M. Nelson and  R.D. Quinn},
    title = {Modeling of braided pneumatic actuators for robotic control},
    journal = {Int. Conf. on Intelligent Robots and Systems},
    year = {2001}}

@article{ Surentu2007,
    author = {J. Surentu and  G. Tuijthof and  J. Herder},
    title = {Optimized artificial muscles for an inherently safe robotic arm},
    journal = {IEEE 10th International Conference on Rehabilitation Robotics},
    year = {2007}}

@article{ Cool1971,
    author = {J. C. Cool and  G. J. O. Van Hooreweder},
    title = {Hand prosthesis with adaptive internally powered fingers.},
    journal = {Medical and Biological Engineering},
    volume={9},
    pages={33--36},
    year = {1971}}

@article{ Simpson1973,
    author = {D.C. Simpson},
    title = {The Control and Supply of a Multi-Movement Externally-powered Upper-limb Prosthesis.},
    journal = {Proceedings of the Fourth International Symposium on External Control of Human Extremities, Dubrovnik, Yugoslavia},
    volume={9},
    month={August},
    pages={33--36},
    year = {1973},
    url = {http://smiold.hst.aau.dk/phdkotor/echecd/papers/PaperQ23.pdf}}

@article{ Kenworthy1974,
    author = {G. Kenworthy},
    title = {An artificial hand incorporating function and cosmesis.},
    journal = {Biomedical Engineering},
    volume={9(12)},
    year = {1974},
    url = {http://www.ncbi.nlm.nih.gov/pubmed/4429756}}

@article{ Plettenburg2002,
    author = {D.H. Plettenburg},
    title = {A Sizzling Hand Prosthesis: On the Design and Development of a Pneumatically powered hand prosthesis for children.},
    journal = {Ph. D. Thesis},
    year = {2002},
    url = {http://ieeexplore.ieee.org/xpls/abs_all.jsp?arnumber=4428556}}

@article{ Tsagarakis2000,
    author = {D. Tsagarakis and  N. Caldwell},
    title = {Improved modelling and assessment of pneumatic muscle actuators.},
    journal = {Robotics and Automation Proceedings},
    year = {2000},
    url = {http://ieeexplore.ieee.org/xpls/abs_all.jsp?arnumber=845299}}

@article{costas-hand,
	author={D.D. Damian and K. Dermitzakis},
	booktitle={International Conference on Cognitive Systems (CogSys)},
	title={Morphological design for a prosthetic hand: bone curvature and ridged skin},
	year={2010},
	url={http://www.cogsys2010.ethz.ch/doc/cogsys2010_proceedings/cogsys2010_0135.pdf}
}

@article{Bullock2013,
author ={I. M. Bullock and  J. Z. Zheng and  S. De La Rosa and  Ch. Guertler and A. M. Dollar},
title={Grasp Frequency and Usage in Daily Household and Machine Shop Tasks},
journal={IEEE Transactions on Haptics},
volume={ 6(3)},
pages={296--308},
year={ 2013}
}

@article{BuckinghamPost1958,
journal={The Buckingham Post, originally from Newsweek},
month={March},
year={1958}
}

@article{Haefner1958,
author={E. Marquardt and O. Haefner},
title={Technical Adequacy and Practical Application of the Heidelberg Pneumatic Prosthesis},
volume={48(115)},
journal={International Society for the Rehabilitation of the Disabled, New York, NY},
year={1955}
}

@article{Klute1999,
    author = {G. K. Klute and  J. M. Czerniecki and  B. Hannaford},
    title = {McKibben Artificial Muscles: Pneumatic Actuators with Biomechanical Intelligence},
    journal = {PROC. IEEE/ASME 1999 INT’L CONF. ON ADV. INTELL. MECHATRONICS (AIM '99},
    year = {1999},
    url = {http://brl.ee.washington.edu/BRL_Pubs/Pdfs/Rep129.pdf}
}

@article{ Hannaford1995,
    author = "B. Hannaford and  J. M. Winters and  Ch. Chou and  P. Marbot",
    title = "The Anthroform Biorobotic Arm: A system for the study of spinal circuits",
    journal = "Annals of Biomedical Engineering",
    month = "March",
    pages = "399--408",
    url = "http://www.thirdwave.de/3w/tech/actuators/artmus.pdf",
    volume = "23",
    year = "1995" }


  